%YAML 1.1
%TAG !u! tag:unity3d.com,2011:
--- !u!1 &813047214659162257
GameObject:
  m_ObjectHideFlags: 0
  m_CorrespondingSourceObject: {fileID: 0}
  m_PrefabInstance: {fileID: 0}
  m_PrefabAsset: {fileID: 0}
  serializedVersion: 6
  m_Component:
  - component: {fileID: 3616383564934872742}
  - component: {fileID: 5815856731021256125}
  m_Layer: 0
  m_Name: ShipLarge
  m_TagString: Untagged
  m_Icon: {fileID: 0}
  m_NavMeshLayer: 0
  m_StaticEditorFlags: 0
  m_IsActive: 1
--- !u!4 &3616383564934872742
Transform:
  m_ObjectHideFlags: 0
  m_CorrespondingSourceObject: {fileID: 0}
  m_PrefabInstance: {fileID: 0}
  m_PrefabAsset: {fileID: 0}
  m_GameObject: {fileID: 813047214659162257}
  serializedVersion: 2
  m_LocalRotation: {x: 0, y: 0, z: 0, w: 1}
  m_LocalPosition: {x: 0, y: 0, z: 0}
  m_LocalScale: {x: 1, y: 1, z: 1}
  m_ConstrainProportionsScale: 0
  m_Children:
  - {fileID: 2311806047394385192}
  - {fileID: 4585434346256891501}
  - {fileID: 4485702108563773208}
  - {fileID: 4390644245036852415}
  m_Father: {fileID: 4587932584572278938}
  m_LocalEulerAnglesHint: {x: 0, y: 0, z: 0}
--- !u!114 &5815856731021256125
MonoBehaviour:
  m_ObjectHideFlags: 0
  m_CorrespondingSourceObject: {fileID: 0}
  m_PrefabInstance: {fileID: 0}
  m_PrefabAsset: {fileID: 0}
  m_GameObject: {fileID: 813047214659162257}
  m_Enabled: 1
  m_EditorHideFlags: 0
  m_Script: {fileID: 11500000, guid: 86706d635da950d47ae5d983f4776f21, type: 3}
  m_Name: 
  m_EditorClassIdentifier: 
  hull: {fileID: 1225153003767560622}
  sail: {fileID: 147940782502961934}
  nest: {fileID: 6677741633807286821}
  flag: {fileID: 8774936132077166979}
  spriteSail:
  - {fileID: 3874709546595682962, guid: 090fca5eb9dcba44299448779e852b04, type: 3}
  - {fileID: -3535631617249373985, guid: 090fca5eb9dcba44299448779e852b04, type: 3}
  - {fileID: 8772056782123784237, guid: 090fca5eb9dcba44299448779e852b04, type: 3}
  spriteHull:
  - {fileID: -4320152080338702317, guid: 090fca5eb9dcba44299448779e852b04, type: 3}
  - {fileID: 1336783160403404536, guid: 090fca5eb9dcba44299448779e852b04, type: 3}
  - {fileID: 1863175416268291109, guid: 090fca5eb9dcba44299448779e852b04, type: 3}
  spriteSailDeath: {fileID: 3108891517978315432, guid: 090fca5eb9dcba44299448779e852b04, type: 3}
  spriteHullDeath: {fileID: -8264086416772225027, guid: 090fca5eb9dcba44299448779e852b04, type: 3}
  spriteFlagDeath: {fileID: -7160569367746729628, guid: 090fca5eb9dcba44299448779e852b04, type: 3}
--- !u!1 &2881999872748334823
GameObject:
  m_ObjectHideFlags: 0
  m_CorrespondingSourceObject: {fileID: 0}
  m_PrefabInstance: {fileID: 0}
  m_PrefabAsset: {fileID: 0}
  serializedVersion: 6
  m_Component:
  - component: {fileID: 4587932584572278938}
  - component: {fileID: 7218267033887928427}
  - component: {fileID: 8351563282988841568}
  - component: {fileID: 3204291798920252362}
  - component: {fileID: 3920783009822542801}
  m_Layer: 0
  m_Name: PlayerShip
  m_TagString: Player
  m_Icon: {fileID: 0}
  m_NavMeshLayer: 0
  m_StaticEditorFlags: 0
  m_IsActive: 1
--- !u!4 &4587932584572278938
Transform:
  m_ObjectHideFlags: 0
  m_CorrespondingSourceObject: {fileID: 0}
  m_PrefabInstance: {fileID: 0}
  m_PrefabAsset: {fileID: 0}
  m_GameObject: {fileID: 2881999872748334823}
  serializedVersion: 2
  m_LocalRotation: {x: 0, y: 0, z: 0, w: 1}
  m_LocalPosition: {x: 0, y: 0, z: 0}
  m_LocalScale: {x: 1, y: 1, z: 1}
  m_ConstrainProportionsScale: 0
  m_Children:
  - {fileID: 3616383564934872742}
  - {fileID: 477533990886287366}
  - {fileID: 814484014756253053}
  - {fileID: 7885025502583578793}
  m_Father: {fileID: 0}
  m_LocalEulerAnglesHint: {x: 0, y: 0, z: 0}
--- !u!70 &7218267033887928427
CapsuleCollider2D:
  m_ObjectHideFlags: 0
  m_CorrespondingSourceObject: {fileID: 0}
  m_PrefabInstance: {fileID: 0}
  m_PrefabAsset: {fileID: 0}
  m_GameObject: {fileID: 2881999872748334823}
  m_Enabled: 1
  m_Density: 1
  m_Material: {fileID: 0}
  m_IncludeLayers:
    serializedVersion: 2
    m_Bits: 0
  m_ExcludeLayers:
    serializedVersion: 2
    m_Bits: 0
  m_LayerOverridePriority: 0
  m_ForceSendLayers:
    serializedVersion: 2
    m_Bits: 4294967295
  m_ForceReceiveLayers:
    serializedVersion: 2
    m_Bits: 4294967295
  m_ContactCaptureLayers:
    serializedVersion: 2
    m_Bits: 4294967295
  m_CallbackLayers:
    serializedVersion: 2
    m_Bits: 4294967295
  m_IsTrigger: 0
  m_UsedByEffector: 0
  m_UsedByComposite: 0
  m_Offset: {x: 0, y: 0}
  m_Size: {x: 0.37, y: 1.08}
  m_Direction: 0
--- !u!50 &8351563282988841568
Rigidbody2D:
  serializedVersion: 4
  m_ObjectHideFlags: 0
  m_CorrespondingSourceObject: {fileID: 0}
  m_PrefabInstance: {fileID: 0}
  m_PrefabAsset: {fileID: 0}
  m_GameObject: {fileID: 2881999872748334823}
  m_BodyType: 0
  m_Simulated: 1
  m_UseFullKinematicContacts: 0
  m_UseAutoMass: 0
  m_Mass: 100
  m_LinearDrag: 0
  m_AngularDrag: 0.05
  m_GravityScale: 0
  m_Material: {fileID: 0}
  m_IncludeLayers:
    serializedVersion: 2
    m_Bits: 0
  m_ExcludeLayers:
    serializedVersion: 2
    m_Bits: 0
  m_Interpolate: 0
  m_SleepingMode: 1
  m_CollisionDetection: 0
  m_Constraints: 0
--- !u!111 &3204291798920252362
Animation:
  m_ObjectHideFlags: 0
  m_CorrespondingSourceObject: {fileID: 0}
  m_PrefabInstance: {fileID: 0}
  m_PrefabAsset: {fileID: 0}
  m_GameObject: {fileID: 2881999872748334823}
  m_Enabled: 1
  serializedVersion: 3
  m_Animation: {fileID: 7400000, guid: d045030d4872aac4599ddb7fb29bd52e, type: 2}
  m_Animations:
  - {fileID: 7400000, guid: d045030d4872aac4599ddb7fb29bd52e, type: 2}
  m_WrapMode: 0
  m_PlayAutomatically: 0
  m_AnimatePhysics: 0
  m_CullingType: 0
--- !u!114 &3920783009822542801
MonoBehaviour:
  m_ObjectHideFlags: 0
  m_CorrespondingSourceObject: {fileID: 0}
  m_PrefabInstance: {fileID: 0}
  m_PrefabAsset: {fileID: 0}
  m_GameObject: {fileID: 2881999872748334823}
  m_Enabled: 1
  m_EditorHideFlags: 0
  m_Script: {fileID: 11500000, guid: e33de327b57218c4fa06468ee27c4aac, type: 3}
  m_Name: 
  m_EditorClassIdentifier: 
  healthStruct:
    obj: {fileID: 0}
    maxHealth: 0
    health: 100
    isPlayer: 0
  deathAnimClip: {fileID: 7400000, guid: d045030d4872aac4599ddb7fb29bd52e, type: 2}
  objExplosionBig: {fileID: 813338929315409861, guid: 2592b975884515643bec71fbb6f8bebd, type: 3}
  objExplosionSmall: {fileID: 813338929315409861, guid: 35cdc42fb6441db44bdcc7fedb9f873e, type: 3}
  objFire: {fileID: 6898383047440881633, guid: 477682a050367fd4ea7cbe9f63a0cc0a, type: 3}
  config:
    movSpeed: 40
    rotSpeed: 40
    cannonArray:
    - {fileID: 1636935440958268946}
    - {fileID: 1971092688118006633}
    - {fileID: 9041581347843403453}
    transf: {fileID: 0}
--- !u!1 &3893643216743405658
GameObject:
  m_ObjectHideFlags: 0
  m_CorrespondingSourceObject: {fileID: 0}
  m_PrefabInstance: {fileID: 0}
  m_PrefabAsset: {fileID: 0}
  serializedVersion: 6
  m_Component:
  - component: {fileID: 4485702108563773208}
  - component: {fileID: 6677741633807286821}
  m_Layer: 0
  m_Name: nest
  m_TagString: Untagged
  m_Icon: {fileID: 0}
  m_NavMeshLayer: 0
  m_StaticEditorFlags: 0
  m_IsActive: 1
--- !u!4 &4485702108563773208
Transform:
  m_ObjectHideFlags: 0
  m_CorrespondingSourceObject: {fileID: 0}
  m_PrefabInstance: {fileID: 0}
  m_PrefabAsset: {fileID: 0}
  m_GameObject: {fileID: 3893643216743405658}
  serializedVersion: 2
  m_LocalRotation: {x: -0, y: -0, z: -0, w: 1}
  m_LocalPosition: {x: 0, y: 0.33, z: 0}
  m_LocalScale: {x: 1, y: 1, z: 1}
  m_ConstrainProportionsScale: 0
  m_Children: []
  m_Father: {fileID: 3616383564934872742}
  m_LocalEulerAnglesHint: {x: 0, y: 0, z: 0}
--- !u!212 &6677741633807286821
SpriteRenderer:
  m_ObjectHideFlags: 0
  m_CorrespondingSourceObject: {fileID: 0}
  m_PrefabInstance: {fileID: 0}
  m_PrefabAsset: {fileID: 0}
  m_GameObject: {fileID: 3893643216743405658}
  m_Enabled: 1
  m_CastShadows: 0
  m_ReceiveShadows: 0
  m_DynamicOccludee: 1
  m_StaticShadowCaster: 0
  m_MotionVectors: 1
  m_LightProbeUsage: 1
  m_ReflectionProbeUsage: 1
  m_RayTracingMode: 0
  m_RayTraceProcedural: 0
  m_RenderingLayerMask: 1
  m_RendererPriority: 0
  m_Materials:
  - {fileID: 2100000, guid: a97c105638bdf8b4a8650670310a4cd3, type: 2}
  m_StaticBatchInfo:
    firstSubMesh: 0
    subMeshCount: 0
  m_StaticBatchRoot: {fileID: 0}
  m_ProbeAnchor: {fileID: 0}
  m_LightProbeVolumeOverride: {fileID: 0}
  m_ScaleInLightmap: 1
  m_ReceiveGI: 1
  m_PreserveUVs: 0
  m_IgnoreNormalsForChartDetection: 0
  m_ImportantGI: 0
  m_StitchLightmapSeams: 1
  m_SelectedEditorRenderState: 0
  m_MinimumChartSize: 4
  m_AutoUVMaxDistance: 0.5
  m_AutoUVMaxAngle: 89
  m_LightmapParameters: {fileID: 0}
  m_SortingLayerID: -1052617433
  m_SortingLayer: 1
  m_SortingOrder: 4
  m_Sprite: {fileID: 9095741963488674656, guid: 090fca5eb9dcba44299448779e852b04, type: 3}
  m_Color: {r: 1, g: 1, b: 1, a: 1}
  m_FlipX: 0
  m_FlipY: 0
  m_DrawMode: 0
  m_Size: {x: 0.5, y: 1.08}
  m_AdaptiveModeThreshold: 0.5
  m_SpriteTileMode: 0
  m_WasSpriteAssigned: 1
  m_MaskInteraction: 0
  m_SpriteSortPoint: 0
--- !u!1 &6393340016987473056
GameObject:
  m_ObjectHideFlags: 0
  m_CorrespondingSourceObject: {fileID: 0}
  m_PrefabInstance: {fileID: 0}
  m_PrefabAsset: {fileID: 0}
  serializedVersion: 6
  m_Component:
  - component: {fileID: 2311806047394385192}
  - component: {fileID: 1225153003767560622}
  m_Layer: 0
  m_Name: hull
  m_TagString: Untagged
  m_Icon: {fileID: 0}
  m_NavMeshLayer: 0
  m_StaticEditorFlags: 0
  m_IsActive: 1
--- !u!4 &2311806047394385192
Transform:
  m_ObjectHideFlags: 0
  m_CorrespondingSourceObject: {fileID: 0}
  m_PrefabInstance: {fileID: 0}
  m_PrefabAsset: {fileID: 0}
  m_GameObject: {fileID: 6393340016987473056}
  serializedVersion: 2
  m_LocalRotation: {x: -0, y: -0, z: -0, w: 1}
  m_LocalPosition: {x: 0, y: 0, z: 0}
  m_LocalScale: {x: 1, y: 1, z: 1}
  m_ConstrainProportionsScale: 0
  m_Children: []
  m_Father: {fileID: 3616383564934872742}
  m_LocalEulerAnglesHint: {x: 0, y: 0, z: 0}
--- !u!212 &1225153003767560622
SpriteRenderer:
  m_ObjectHideFlags: 0
  m_CorrespondingSourceObject: {fileID: 0}
  m_PrefabInstance: {fileID: 0}
  m_PrefabAsset: {fileID: 0}
  m_GameObject: {fileID: 6393340016987473056}
  m_Enabled: 1
  m_CastShadows: 0
  m_ReceiveShadows: 0
  m_DynamicOccludee: 1
  m_StaticShadowCaster: 0
  m_MotionVectors: 1
  m_LightProbeUsage: 1
  m_ReflectionProbeUsage: 1
  m_RayTracingMode: 0
  m_RayTraceProcedural: 0
  m_RenderingLayerMask: 1
  m_RendererPriority: 0
  m_Materials:
  - {fileID: 2100000, guid: a97c105638bdf8b4a8650670310a4cd3, type: 2}
  m_StaticBatchInfo:
    firstSubMesh: 0
    subMeshCount: 0
  m_StaticBatchRoot: {fileID: 0}
  m_ProbeAnchor: {fileID: 0}
  m_LightProbeVolumeOverride: {fileID: 0}
  m_ScaleInLightmap: 1
  m_ReceiveGI: 1
  m_PreserveUVs: 0
  m_IgnoreNormalsForChartDetection: 0
  m_ImportantGI: 0
  m_StitchLightmapSeams: 1
  m_SelectedEditorRenderState: 0
  m_MinimumChartSize: 4
  m_AutoUVMaxDistance: 0.5
  m_AutoUVMaxAngle: 89
  m_LightmapParameters: {fileID: 0}
  m_SortingLayerID: -1052617433
  m_SortingLayer: 1
  m_SortingOrder: 2
  m_Sprite: {fileID: -4320152080338702317, guid: 090fca5eb9dcba44299448779e852b04, type: 3}
  m_Color: {r: 1, g: 1, b: 1, a: 1}
  m_FlipX: 0
  m_FlipY: 0
  m_DrawMode: 0
  m_Size: {x: 0.5, y: 1.08}
  m_AdaptiveModeThreshold: 0.5
  m_SpriteTileMode: 0
  m_WasSpriteAssigned: 1
  m_MaskInteraction: 0
  m_SpriteSortPoint: 0
--- !u!1 &8680660970777249410
GameObject:
  m_ObjectHideFlags: 0
  m_CorrespondingSourceObject: {fileID: 0}
  m_PrefabInstance: {fileID: 0}
  m_PrefabAsset: {fileID: 0}
  serializedVersion: 6
  m_Component:
  - component: {fileID: 4585434346256891501}
  - component: {fileID: 147940782502961934}
  m_Layer: 0
  m_Name: sail
  m_TagString: Untagged
  m_Icon: {fileID: 0}
  m_NavMeshLayer: 0
  m_StaticEditorFlags: 0
  m_IsActive: 1
--- !u!4 &4585434346256891501
Transform:
  m_ObjectHideFlags: 0
  m_CorrespondingSourceObject: {fileID: 0}
  m_PrefabInstance: {fileID: 0}
  m_PrefabAsset: {fileID: 0}
  m_GameObject: {fileID: 8680660970777249410}
  serializedVersion: 2
  m_LocalRotation: {x: -0, y: -0, z: -0, w: 1}
  m_LocalPosition: {x: 0, y: 0.094, z: 0}
  m_LocalScale: {x: 1, y: 1, z: 1}
  m_ConstrainProportionsScale: 0
  m_Children: []
  m_Father: {fileID: 3616383564934872742}
  m_LocalEulerAnglesHint: {x: 0, y: 0, z: 0}
--- !u!212 &147940782502961934
SpriteRenderer:
  m_ObjectHideFlags: 0
  m_CorrespondingSourceObject: {fileID: 0}
  m_PrefabInstance: {fileID: 0}
  m_PrefabAsset: {fileID: 0}
  m_GameObject: {fileID: 8680660970777249410}
  m_Enabled: 1
  m_CastShadows: 0
  m_ReceiveShadows: 0
  m_DynamicOccludee: 1
  m_StaticShadowCaster: 0
  m_MotionVectors: 1
  m_LightProbeUsage: 1
  m_ReflectionProbeUsage: 1
  m_RayTracingMode: 0
  m_RayTraceProcedural: 0
  m_RenderingLayerMask: 1
  m_RendererPriority: 0
  m_Materials:
  - {fileID: 2100000, guid: a97c105638bdf8b4a8650670310a4cd3, type: 2}
  m_StaticBatchInfo:
    firstSubMesh: 0
    subMeshCount: 0
  m_StaticBatchRoot: {fileID: 0}
  m_ProbeAnchor: {fileID: 0}
  m_LightProbeVolumeOverride: {fileID: 0}
  m_ScaleInLightmap: 1
  m_ReceiveGI: 1
  m_PreserveUVs: 0
  m_IgnoreNormalsForChartDetection: 0
  m_ImportantGI: 0
  m_StitchLightmapSeams: 1
  m_SelectedEditorRenderState: 0
  m_MinimumChartSize: 4
  m_AutoUVMaxDistance: 0.5
  m_AutoUVMaxAngle: 89
  m_LightmapParameters: {fileID: 0}
  m_SortingLayerID: -1052617433
  m_SortingLayer: 1
  m_SortingOrder: 3
  m_Sprite: {fileID: 3874709546595682962, guid: 090fca5eb9dcba44299448779e852b04, type: 3}
  m_Color: {r: 1, g: 1, b: 1, a: 1}
  m_FlipX: 0
  m_FlipY: 0
  m_DrawMode: 0
  m_Size: {x: 0.5, y: 1.08}
  m_AdaptiveModeThreshold: 0.5
  m_SpriteTileMode: 0
  m_WasSpriteAssigned: 1
  m_MaskInteraction: 0
  m_SpriteSortPoint: 0
--- !u!1 &9026491796874313744
GameObject:
  m_ObjectHideFlags: 0
  m_CorrespondingSourceObject: {fileID: 0}
  m_PrefabInstance: {fileID: 0}
  m_PrefabAsset: {fileID: 0}
  serializedVersion: 6
  m_Component:
  - component: {fileID: 4390644245036852415}
  - component: {fileID: 8774936132077166979}
  m_Layer: 0
  m_Name: flag
  m_TagString: Untagged
  m_Icon: {fileID: 0}
  m_NavMeshLayer: 0
  m_StaticEditorFlags: 0
  m_IsActive: 1
--- !u!4 &4390644245036852415
Transform:
  m_ObjectHideFlags: 0
  m_CorrespondingSourceObject: {fileID: 0}
  m_PrefabInstance: {fileID: 0}
  m_PrefabAsset: {fileID: 0}
  m_GameObject: {fileID: 9026491796874313744}
  serializedVersion: 2
  m_LocalRotation: {x: -0, y: -0, z: -0, w: 1}
  m_LocalPosition: {x: 0, y: 0.45, z: 0}
  m_LocalScale: {x: 1, y: 1, z: 1}
  m_ConstrainProportionsScale: 0
  m_Children: []
  m_Father: {fileID: 3616383564934872742}
  m_LocalEulerAnglesHint: {x: 0, y: 0, z: 0}
--- !u!212 &8774936132077166979
SpriteRenderer:
  m_ObjectHideFlags: 0
  m_CorrespondingSourceObject: {fileID: 0}
  m_PrefabInstance: {fileID: 0}
  m_PrefabAsset: {fileID: 0}
  m_GameObject: {fileID: 9026491796874313744}
  m_Enabled: 1
  m_CastShadows: 0
  m_ReceiveShadows: 0
  m_DynamicOccludee: 1
  m_StaticShadowCaster: 0
  m_MotionVectors: 1
  m_LightProbeUsage: 1
  m_ReflectionProbeUsage: 1
  m_RayTracingMode: 0
  m_RayTraceProcedural: 0
  m_RenderingLayerMask: 1
  m_RendererPriority: 0
  m_Materials:
  - {fileID: 2100000, guid: a97c105638bdf8b4a8650670310a4cd3, type: 2}
  m_StaticBatchInfo:
    firstSubMesh: 0
    subMeshCount: 0
  m_StaticBatchRoot: {fileID: 0}
  m_ProbeAnchor: {fileID: 0}
  m_LightProbeVolumeOverride: {fileID: 0}
  m_ScaleInLightmap: 1
  m_ReceiveGI: 1
  m_PreserveUVs: 0
  m_IgnoreNormalsForChartDetection: 0
  m_ImportantGI: 0
  m_StitchLightmapSeams: 1
  m_SelectedEditorRenderState: 0
  m_MinimumChartSize: 4
  m_AutoUVMaxDistance: 0.5
  m_AutoUVMaxAngle: 89
  m_LightmapParameters: {fileID: 0}
  m_SortingLayerID: -1052617433
  m_SortingLayer: 1
  m_SortingOrder: 4
  m_Sprite: {fileID: 2737418891777704600, guid: 090fca5eb9dcba44299448779e852b04, type: 3}
  m_Color: {r: 1, g: 1, b: 1, a: 1}
  m_FlipX: 0
  m_FlipY: 0
  m_DrawMode: 0
  m_Size: {x: 0.5, y: 1.08}
  m_AdaptiveModeThreshold: 0.5
  m_SpriteTileMode: 0
  m_WasSpriteAssigned: 1
  m_MaskInteraction: 0
  m_SpriteSortPoint: 0
--- !u!1001 &277766010670864841
PrefabInstance:
  m_ObjectHideFlags: 0
  serializedVersion: 2
  m_Modification:
    serializedVersion: 3
    m_TransformParent: {fileID: 4587932584572278938}
    m_Modifications:
    - target: {fileID: 394724766617268687, guid: 47632fe256e18984d9686cbfe5c8660b, type: 3}
      propertyPath: m_LocalPosition.x
      value: -0.003
      objectReference: {fileID: 0}
    - target: {fileID: 394724766617268687, guid: 47632fe256e18984d9686cbfe5c8660b, type: 3}
      propertyPath: m_LocalPosition.y
      value: -0.357
      objectReference: {fileID: 0}
    - target: {fileID: 394724766617268687, guid: 47632fe256e18984d9686cbfe5c8660b, type: 3}
      propertyPath: m_LocalPosition.z
      value: 0
      objectReference: {fileID: 0}
    - target: {fileID: 394724766617268687, guid: 47632fe256e18984d9686cbfe5c8660b, type: 3}
      propertyPath: m_LocalRotation.w
      value: 1
      objectReference: {fileID: 0}
    - target: {fileID: 394724766617268687, guid: 47632fe256e18984d9686cbfe5c8660b, type: 3}
      propertyPath: m_LocalRotation.x
      value: -0
      objectReference: {fileID: 0}
    - target: {fileID: 394724766617268687, guid: 47632fe256e18984d9686cbfe5c8660b, type: 3}
      propertyPath: m_LocalRotation.y
      value: -0
      objectReference: {fileID: 0}
    - target: {fileID: 394724766617268687, guid: 47632fe256e18984d9686cbfe5c8660b, type: 3}
      propertyPath: m_LocalRotation.z
      value: -0
      objectReference: {fileID: 0}
    - target: {fileID: 394724766617268687, guid: 47632fe256e18984d9686cbfe5c8660b, type: 3}
      propertyPath: m_LocalEulerAnglesHint.x
      value: 0
      objectReference: {fileID: 0}
    - target: {fileID: 394724766617268687, guid: 47632fe256e18984d9686cbfe5c8660b, type: 3}
      propertyPath: m_LocalEulerAnglesHint.y
      value: 0
      objectReference: {fileID: 0}
    - target: {fileID: 394724766617268687, guid: 47632fe256e18984d9686cbfe5c8660b, type: 3}
      propertyPath: m_LocalEulerAnglesHint.z
      value: 0
      objectReference: {fileID: 0}
    - target: {fileID: 1543963550977261531, guid: 47632fe256e18984d9686cbfe5c8660b, type: 3}
      propertyPath: config.fireRate
      value: 0.2
      objectReference: {fileID: 0}
    - target: {fileID: 1543963550977261531, guid: 47632fe256e18984d9686cbfe5c8660b, type: 3}
      propertyPath: cannonChildArray.Array.size
      value: 0
      objectReference: {fileID: 0}
    - target: {fileID: 2164877785810685937, guid: 47632fe256e18984d9686cbfe5c8660b, type: 3}
      propertyPath: m_SortingLayer
      value: 1
      objectReference: {fileID: 0}
    - target: {fileID: 2164877785810685937, guid: 47632fe256e18984d9686cbfe5c8660b, type: 3}
      propertyPath: m_SortingLayerID
      value: -1052617433
      objectReference: {fileID: 0}
    - target: {fileID: 2582414433748254520, guid: 47632fe256e18984d9686cbfe5c8660b, type: 3}
      propertyPath: m_LocalPosition.x
      value: 0
      objectReference: {fileID: 0}
    - target: {fileID: 2582414433748254520, guid: 47632fe256e18984d9686cbfe5c8660b, type: 3}
      propertyPath: m_LocalPosition.y
      value: 0
      objectReference: {fileID: 0}
    - target: {fileID: 2727285640975555446, guid: 47632fe256e18984d9686cbfe5c8660b, type: 3}
      propertyPath: m_Name
      value: Cannon
      objectReference: {fileID: 0}
    m_RemovedComponents: []
    m_RemovedGameObjects: []
    m_AddedGameObjects: []
    m_AddedComponents: []
  m_SourcePrefab: {fileID: 100100000, guid: 47632fe256e18984d9686cbfe5c8660b, type: 3}
--- !u!4 &477533990886287366 stripped
Transform:
  m_CorrespondingSourceObject: {fileID: 394724766617268687, guid: 47632fe256e18984d9686cbfe5c8660b, type: 3}
  m_PrefabInstance: {fileID: 277766010670864841}
  m_PrefabAsset: {fileID: 0}
--- !u!114 &1636935440958268946 stripped
MonoBehaviour:
  m_CorrespondingSourceObject: {fileID: 1543963550977261531, guid: 47632fe256e18984d9686cbfe5c8660b, type: 3}
  m_PrefabInstance: {fileID: 277766010670864841}
  m_PrefabAsset: {fileID: 0}
  m_GameObject: {fileID: 0}
  m_Enabled: 1
  m_EditorHideFlags: 0
  m_Script: {fileID: 11500000, guid: b0d772cd94aebe048912b930b8dde1af, type: 3}
  m_Name: 
  m_EditorClassIdentifier: 
--- !u!1001 &300015099420398182
PrefabInstance:
  m_ObjectHideFlags: 0
  serializedVersion: 2
  m_Modification:
    serializedVersion: 3
    m_TransformParent: {fileID: 7885025502583578793}
    m_Modifications:
    - target: {fileID: 394724766617268687, guid: 47632fe256e18984d9686cbfe5c8660b, type: 3}
      propertyPath: m_LocalPosition.x
      value: -0.38600004
      objectReference: {fileID: 0}
    - target: {fileID: 394724766617268687, guid: 47632fe256e18984d9686cbfe5c8660b, type: 3}
      propertyPath: m_LocalPosition.y
      value: 0
      objectReference: {fileID: 0}
    - target: {fileID: 394724766617268687, guid: 47632fe256e18984d9686cbfe5c8660b, type: 3}
      propertyPath: m_LocalPosition.z
      value: 0
      objectReference: {fileID: 0}
    - target: {fileID: 394724766617268687, guid: 47632fe256e18984d9686cbfe5c8660b, type: 3}
      propertyPath: m_LocalRotation.w
      value: 1
      objectReference: {fileID: 0}
    - target: {fileID: 394724766617268687, guid: 47632fe256e18984d9686cbfe5c8660b, type: 3}
      propertyPath: m_LocalRotation.x
      value: -0
      objectReference: {fileID: 0}
    - target: {fileID: 394724766617268687, guid: 47632fe256e18984d9686cbfe5c8660b, type: 3}
      propertyPath: m_LocalRotation.y
      value: -0
      objectReference: {fileID: 0}
    - target: {fileID: 394724766617268687, guid: 47632fe256e18984d9686cbfe5c8660b, type: 3}
      propertyPath: m_LocalRotation.z
      value: -0
      objectReference: {fileID: 0}
    - target: {fileID: 394724766617268687, guid: 47632fe256e18984d9686cbfe5c8660b, type: 3}
      propertyPath: m_LocalEulerAnglesHint.x
      value: 0
      objectReference: {fileID: 0}
    - target: {fileID: 394724766617268687, guid: 47632fe256e18984d9686cbfe5c8660b, type: 3}
      propertyPath: m_LocalEulerAnglesHint.y
      value: 0
      objectReference: {fileID: 0}
    - target: {fileID: 394724766617268687, guid: 47632fe256e18984d9686cbfe5c8660b, type: 3}
      propertyPath: m_LocalEulerAnglesHint.z
      value: 90
      objectReference: {fileID: 0}
    - target: {fileID: 1543963550977261531, guid: 47632fe256e18984d9686cbfe5c8660b, type: 3}
      propertyPath: config.fireRate
      value: 0.2
      objectReference: {fileID: 0}
    - target: {fileID: 1543963550977261531, guid: 47632fe256e18984d9686cbfe5c8660b, type: 3}
      propertyPath: cannonChildArray.Array.size
      value: 0
      objectReference: {fileID: 0}
    - target: {fileID: 2164877785810685937, guid: 47632fe256e18984d9686cbfe5c8660b, type: 3}
      propertyPath: m_SortingLayer
      value: 1
      objectReference: {fileID: 0}
    - target: {fileID: 2164877785810685937, guid: 47632fe256e18984d9686cbfe5c8660b, type: 3}
      propertyPath: m_SortingOrder
      value: 1
      objectReference: {fileID: 0}
    - target: {fileID: 2164877785810685937, guid: 47632fe256e18984d9686cbfe5c8660b, type: 3}
      propertyPath: m_SortingLayerID
      value: -1052617433
      objectReference: {fileID: 0}
    - target: {fileID: 2582414433748254520, guid: 47632fe256e18984d9686cbfe5c8660b, type: 3}
      propertyPath: m_LocalPosition.x
      value: 0
      objectReference: {fileID: 0}
    - target: {fileID: 2582414433748254520, guid: 47632fe256e18984d9686cbfe5c8660b, type: 3}
      propertyPath: m_LocalPosition.y
      value: 0
      objectReference: {fileID: 0}
    - target: {fileID: 2727285640975555446, guid: 47632fe256e18984d9686cbfe5c8660b, type: 3}
      propertyPath: m_Name
      value: Cannon (3)
      objectReference: {fileID: 0}
    m_RemovedComponents: []
    m_RemovedGameObjects: []
    m_AddedGameObjects: []
    m_AddedComponents: []
  m_SourcePrefab: {fileID: 100100000, guid: 47632fe256e18984d9686cbfe5c8660b, type: 3}
--- !u!4 &95567565579985833 stripped
Transform:
  m_CorrespondingSourceObject: {fileID: 394724766617268687, guid: 47632fe256e18984d9686cbfe5c8660b, type: 3}
  m_PrefabInstance: {fileID: 300015099420398182}
  m_PrefabAsset: {fileID: 0}
--- !u!114 &1244291539049557437 stripped
MonoBehaviour:
  m_CorrespondingSourceObject: {fileID: 1543963550977261531, guid: 47632fe256e18984d9686cbfe5c8660b, type: 3}
  m_PrefabInstance: {fileID: 300015099420398182}
  m_PrefabAsset: {fileID: 0}
  m_GameObject: {fileID: 0}
  m_Enabled: 1
  m_EditorHideFlags: 0
  m_Script: {fileID: 11500000, guid: b0d772cd94aebe048912b930b8dde1af, type: 3}
  m_Name: 
  m_EditorClassIdentifier: 
--- !u!1001 &1024561150404246706
PrefabInstance:
  m_ObjectHideFlags: 0
  serializedVersion: 2
  m_Modification:
    serializedVersion: 3
    m_TransformParent: {fileID: 4587932584572278938}
    m_Modifications:
    - target: {fileID: 394724766617268687, guid: 47632fe256e18984d9686cbfe5c8660b, type: 3}
      propertyPath: m_LocalPosition.x
      value: 0.067
      objectReference: {fileID: 0}
    - target: {fileID: 394724766617268687, guid: 47632fe256e18984d9686cbfe5c8660b, type: 3}
      propertyPath: m_LocalPosition.y
      value: 0.212
      objectReference: {fileID: 0}
    - target: {fileID: 394724766617268687, guid: 47632fe256e18984d9686cbfe5c8660b, type: 3}
      propertyPath: m_LocalPosition.z
      value: 0
      objectReference: {fileID: 0}
    - target: {fileID: 394724766617268687, guid: 47632fe256e18984d9686cbfe5c8660b, type: 3}
      propertyPath: m_LocalRotation.w
      value: 0.7071068
      objectReference: {fileID: 0}
    - target: {fileID: 394724766617268687, guid: 47632fe256e18984d9686cbfe5c8660b, type: 3}
      propertyPath: m_LocalRotation.x
      value: 0
      objectReference: {fileID: 0}
    - target: {fileID: 394724766617268687, guid: 47632fe256e18984d9686cbfe5c8660b, type: 3}
      propertyPath: m_LocalRotation.y
      value: 0
      objectReference: {fileID: 0}
    - target: {fileID: 394724766617268687, guid: 47632fe256e18984d9686cbfe5c8660b, type: 3}
      propertyPath: m_LocalRotation.z
      value: 0.7071068
      objectReference: {fileID: 0}
    - target: {fileID: 394724766617268687, guid: 47632fe256e18984d9686cbfe5c8660b, type: 3}
      propertyPath: m_LocalEulerAnglesHint.x
      value: 0
      objectReference: {fileID: 0}
    - target: {fileID: 394724766617268687, guid: 47632fe256e18984d9686cbfe5c8660b, type: 3}
      propertyPath: m_LocalEulerAnglesHint.y
      value: 0
      objectReference: {fileID: 0}
    - target: {fileID: 394724766617268687, guid: 47632fe256e18984d9686cbfe5c8660b, type: 3}
      propertyPath: m_LocalEulerAnglesHint.z
      value: 90
      objectReference: {fileID: 0}
    - target: {fileID: 1543963550977261531, guid: 47632fe256e18984d9686cbfe5c8660b, type: 3}
      propertyPath: config.fireRate
      value: 0.2
      objectReference: {fileID: 0}
    - target: {fileID: 1543963550977261531, guid: 47632fe256e18984d9686cbfe5c8660b, type: 3}
      propertyPath: cannonChildArray.Array.size
      value: 2
      objectReference: {fileID: 0}
    - target: {fileID: 1543963550977261531, guid: 47632fe256e18984d9686cbfe5c8660b, type: 3}
      propertyPath: cannonChildArray.Array.data[0]
      value: 
      objectReference: {fileID: 8187334345852983141}
    - target: {fileID: 1543963550977261531, guid: 47632fe256e18984d9686cbfe5c8660b, type: 3}
      propertyPath: cannonChildArray.Array.data[1]
      value: 
      objectReference: {fileID: 5110218751006675737}
    - target: {fileID: 2164877785810685937, guid: 47632fe256e18984d9686cbfe5c8660b, type: 3}
      propertyPath: m_SortingLayer
      value: 1
      objectReference: {fileID: 0}
    - target: {fileID: 2164877785810685937, guid: 47632fe256e18984d9686cbfe5c8660b, type: 3}
      propertyPath: m_SortingOrder
      value: 1
      objectReference: {fileID: 0}
    - target: {fileID: 2164877785810685937, guid: 47632fe256e18984d9686cbfe5c8660b, type: 3}
      propertyPath: m_SortingLayerID
      value: -1052617433
      objectReference: {fileID: 0}
    - target: {fileID: 2582414433748254520, guid: 47632fe256e18984d9686cbfe5c8660b, type: 3}
      propertyPath: m_LocalPosition.x
      value: 0
      objectReference: {fileID: 0}
    - target: {fileID: 2582414433748254520, guid: 47632fe256e18984d9686cbfe5c8660b, type: 3}
      propertyPath: m_LocalPosition.y
      value: 0
      objectReference: {fileID: 0}
    - target: {fileID: 2727285640975555446, guid: 47632fe256e18984d9686cbfe5c8660b, type: 3}
      propertyPath: m_Name
      value: Cannon (1)
      objectReference: {fileID: 0}
    m_RemovedComponents: []
    m_RemovedGameObjects: []
    m_AddedGameObjects:
    - targetCorrespondingSourceObject: {fileID: 394724766617268687, guid: 47632fe256e18984d9686cbfe5c8660b, type: 3}
      insertIndex: -1
      addedObject: {fileID: 7027967873982077297}
    - targetCorrespondingSourceObject: {fileID: 394724766617268687, guid: 47632fe256e18984d9686cbfe5c8660b, type: 3}
      insertIndex: -1
      addedObject: {fileID: 6267953359708757261}
    m_AddedComponents: []
  m_SourcePrefab: {fileID: 100100000, guid: 47632fe256e18984d9686cbfe5c8660b, type: 3}
--- !u!4 &814484014756253053 stripped
Transform:
  m_CorrespondingSourceObject: {fileID: 394724766617268687, guid: 47632fe256e18984d9686cbfe5c8660b, type: 3}
  m_PrefabInstance: {fileID: 1024561150404246706}
  m_PrefabAsset: {fileID: 0}
--- !u!114 &1971092688118006633 stripped
MonoBehaviour:
  m_CorrespondingSourceObject: {fileID: 1543963550977261531, guid: 47632fe256e18984d9686cbfe5c8660b, type: 3}
  m_PrefabInstance: {fileID: 1024561150404246706}
  m_PrefabAsset: {fileID: 0}
  m_GameObject: {fileID: 0}
  m_Enabled: 1
  m_EditorHideFlags: 0
  m_Script: {fileID: 11500000, guid: b0d772cd94aebe048912b930b8dde1af, type: 3}
  m_Name: 
  m_EditorClassIdentifier: 
--- !u!1001 &4660901865140377278
PrefabInstance:
  m_ObjectHideFlags: 0
  serializedVersion: 2
  m_Modification:
    serializedVersion: 3
    m_TransformParent: {fileID: 7885025502583578793}
    m_Modifications:
    - target: {fileID: 394724766617268687, guid: 47632fe256e18984d9686cbfe5c8660b, type: 3}
      propertyPath: m_LocalPosition.x
      value: -0.19100003
      objectReference: {fileID: 0}
    - target: {fileID: 394724766617268687, guid: 47632fe256e18984d9686cbfe5c8660b, type: 3}
      propertyPath: m_LocalPosition.y
      value: 0
      objectReference: {fileID: 0}
    - target: {fileID: 394724766617268687, guid: 47632fe256e18984d9686cbfe5c8660b, type: 3}
      propertyPath: m_LocalPosition.z
      value: 0
      objectReference: {fileID: 0}
    - target: {fileID: 394724766617268687, guid: 47632fe256e18984d9686cbfe5c8660b, type: 3}
      propertyPath: m_LocalRotation.w
      value: 1
      objectReference: {fileID: 0}
    - target: {fileID: 394724766617268687, guid: 47632fe256e18984d9686cbfe5c8660b, type: 3}
      propertyPath: m_LocalRotation.x
      value: -0
      objectReference: {fileID: 0}
    - target: {fileID: 394724766617268687, guid: 47632fe256e18984d9686cbfe5c8660b, type: 3}
      propertyPath: m_LocalRotation.y
      value: -0
      objectReference: {fileID: 0}
    - target: {fileID: 394724766617268687, guid: 47632fe256e18984d9686cbfe5c8660b, type: 3}
      propertyPath: m_LocalRotation.z
      value: -0
      objectReference: {fileID: 0}
    - target: {fileID: 394724766617268687, guid: 47632fe256e18984d9686cbfe5c8660b, type: 3}
      propertyPath: m_LocalEulerAnglesHint.x
      value: 0
      objectReference: {fileID: 0}
    - target: {fileID: 394724766617268687, guid: 47632fe256e18984d9686cbfe5c8660b, type: 3}
      propertyPath: m_LocalEulerAnglesHint.y
      value: 0
      objectReference: {fileID: 0}
    - target: {fileID: 394724766617268687, guid: 47632fe256e18984d9686cbfe5c8660b, type: 3}
      propertyPath: m_LocalEulerAnglesHint.z
      value: 90
      objectReference: {fileID: 0}
    - target: {fileID: 1543963550977261531, guid: 47632fe256e18984d9686cbfe5c8660b, type: 3}
      propertyPath: config.fireRate
      value: 0.2
      objectReference: {fileID: 0}
    - target: {fileID: 1543963550977261531, guid: 47632fe256e18984d9686cbfe5c8660b, type: 3}
      propertyPath: cannonChildArray.Array.size
      value: 0
      objectReference: {fileID: 0}
    - target: {fileID: 2164877785810685937, guid: 47632fe256e18984d9686cbfe5c8660b, type: 3}
      propertyPath: m_SortingLayer
      value: 1
      objectReference: {fileID: 0}
    - target: {fileID: 2164877785810685937, guid: 47632fe256e18984d9686cbfe5c8660b, type: 3}
      propertyPath: m_SortingOrder
      value: 1
      objectReference: {fileID: 0}
    - target: {fileID: 2164877785810685937, guid: 47632fe256e18984d9686cbfe5c8660b, type: 3}
      propertyPath: m_SortingLayerID
      value: -1052617433
      objectReference: {fileID: 0}
    - target: {fileID: 2582414433748254520, guid: 47632fe256e18984d9686cbfe5c8660b, type: 3}
      propertyPath: m_LocalPosition.x
      value: 0
      objectReference: {fileID: 0}
    - target: {fileID: 2582414433748254520, guid: 47632fe256e18984d9686cbfe5c8660b, type: 3}
      propertyPath: m_LocalPosition.y
      value: 0
      objectReference: {fileID: 0}
    - target: {fileID: 2727285640975555446, guid: 47632fe256e18984d9686cbfe5c8660b, type: 3}
      propertyPath: m_Name
      value: Cannon (1)
      objectReference: {fileID: 0}
    m_RemovedComponents: []
    m_RemovedGameObjects: []
    m_AddedGameObjects: []
    m_AddedComponents: []
  m_SourcePrefab: {fileID: 100100000, guid: 47632fe256e18984d9686cbfe5c8660b, type: 3}
--- !u!4 &5031789174569609073 stripped
Transform:
  m_CorrespondingSourceObject: {fileID: 394724766617268687, guid: 47632fe256e18984d9686cbfe5c8660b, type: 3}
  m_PrefabInstance: {fileID: 4660901865140377278}
  m_PrefabAsset: {fileID: 0}
--- !u!114 &6179953701705460069 stripped
MonoBehaviour:
  m_CorrespondingSourceObject: {fileID: 1543963550977261531, guid: 47632fe256e18984d9686cbfe5c8660b, type: 3}
  m_PrefabInstance: {fileID: 4660901865140377278}
  m_PrefabAsset: {fileID: 0}
  m_GameObject: {fileID: 0}
  m_Enabled: 1
  m_EditorHideFlags: 0
  m_Script: {fileID: 11500000, guid: b0d772cd94aebe048912b930b8dde1af, type: 3}
  m_Name: 
  m_EditorClassIdentifier: 
--- !u!1001 &6018610421524425922
PrefabInstance:
  m_ObjectHideFlags: 0
  serializedVersion: 2
  m_Modification:
    serializedVersion: 3
    m_TransformParent: {fileID: 814484014756253053}
    m_Modifications:
    - target: {fileID: 394724766617268687, guid: 47632fe256e18984d9686cbfe5c8660b, type: 3}
      propertyPath: m_LocalPosition.x
      value: -0.38600004
      objectReference: {fileID: 0}
    - target: {fileID: 394724766617268687, guid: 47632fe256e18984d9686cbfe5c8660b, type: 3}
      propertyPath: m_LocalPosition.y
      value: 0
      objectReference: {fileID: 0}
    - target: {fileID: 394724766617268687, guid: 47632fe256e18984d9686cbfe5c8660b, type: 3}
      propertyPath: m_LocalPosition.z
      value: 0
      objectReference: {fileID: 0}
    - target: {fileID: 394724766617268687, guid: 47632fe256e18984d9686cbfe5c8660b, type: 3}
      propertyPath: m_LocalRotation.w
      value: 1
      objectReference: {fileID: 0}
    - target: {fileID: 394724766617268687, guid: 47632fe256e18984d9686cbfe5c8660b, type: 3}
      propertyPath: m_LocalRotation.x
      value: -0
      objectReference: {fileID: 0}
    - target: {fileID: 394724766617268687, guid: 47632fe256e18984d9686cbfe5c8660b, type: 3}
      propertyPath: m_LocalRotation.y
      value: -0
      objectReference: {fileID: 0}
    - target: {fileID: 394724766617268687, guid: 47632fe256e18984d9686cbfe5c8660b, type: 3}
      propertyPath: m_LocalRotation.z
      value: -0
      objectReference: {fileID: 0}
    - target: {fileID: 394724766617268687, guid: 47632fe256e18984d9686cbfe5c8660b, type: 3}
      propertyPath: m_LocalEulerAnglesHint.x
      value: 0
      objectReference: {fileID: 0}
    - target: {fileID: 394724766617268687, guid: 47632fe256e18984d9686cbfe5c8660b, type: 3}
      propertyPath: m_LocalEulerAnglesHint.y
      value: 0
      objectReference: {fileID: 0}
    - target: {fileID: 394724766617268687, guid: 47632fe256e18984d9686cbfe5c8660b, type: 3}
      propertyPath: m_LocalEulerAnglesHint.z
      value: 90
      objectReference: {fileID: 0}
    - target: {fileID: 1543963550977261531, guid: 47632fe256e18984d9686cbfe5c8660b, type: 3}
      propertyPath: config.fireRate
      value: 0.2
      objectReference: {fileID: 0}
    - target: {fileID: 1543963550977261531, guid: 47632fe256e18984d9686cbfe5c8660b, type: 3}
      propertyPath: cannonChildArray.Array.size
      value: 0
      objectReference: {fileID: 0}
    - target: {fileID: 2164877785810685937, guid: 47632fe256e18984d9686cbfe5c8660b, type: 3}
      propertyPath: m_SortingLayer
      value: 1
      objectReference: {fileID: 0}
    - target: {fileID: 2164877785810685937, guid: 47632fe256e18984d9686cbfe5c8660b, type: 3}
      propertyPath: m_SortingOrder
      value: 1
      objectReference: {fileID: 0}
    - target: {fileID: 2164877785810685937, guid: 47632fe256e18984d9686cbfe5c8660b, type: 3}
      propertyPath: m_SortingLayerID
      value: -1052617433
      objectReference: {fileID: 0}
    - target: {fileID: 2582414433748254520, guid: 47632fe256e18984d9686cbfe5c8660b, type: 3}
      propertyPath: m_LocalPosition.x
      value: 0
      objectReference: {fileID: 0}
    - target: {fileID: 2582414433748254520, guid: 47632fe256e18984d9686cbfe5c8660b, type: 3}
      propertyPath: m_LocalPosition.y
      value: 0
      objectReference: {fileID: 0}
    - target: {fileID: 2727285640975555446, guid: 47632fe256e18984d9686cbfe5c8660b, type: 3}
      propertyPath: m_Name
      value: Cannon (3)
      objectReference: {fileID: 0}
    m_RemovedComponents: []
    m_RemovedGameObjects: []
    m_AddedGameObjects: []
    m_AddedComponents: []
  m_SourcePrefab: {fileID: 100100000, guid: 47632fe256e18984d9686cbfe5c8660b, type: 3}
--- !u!114 &5110218751006675737 stripped
MonoBehaviour:
  m_CorrespondingSourceObject: {fileID: 1543963550977261531, guid: 47632fe256e18984d9686cbfe5c8660b, type: 3}
  m_PrefabInstance: {fileID: 6018610421524425922}
  m_PrefabAsset: {fileID: 0}
  m_GameObject: {fileID: 0}
  m_Enabled: 1
  m_EditorHideFlags: 0
  m_Script: {fileID: 11500000, guid: b0d772cd94aebe048912b930b8dde1af, type: 3}
  m_Name: 
  m_EditorClassIdentifier: 
--- !u!4 &6267953359708757261 stripped
Transform:
  m_CorrespondingSourceObject: {fileID: 394724766617268687, guid: 47632fe256e18984d9686cbfe5c8660b, type: 3}
  m_PrefabInstance: {fileID: 6018610421524425922}
  m_PrefabAsset: {fileID: 0}
--- !u!1001 &7273880328916854974
PrefabInstance:
  m_ObjectHideFlags: 0
  serializedVersion: 2
  m_Modification:
    serializedVersion: 3
    m_TransformParent: {fileID: 814484014756253053}
    m_Modifications:
    - target: {fileID: 394724766617268687, guid: 47632fe256e18984d9686cbfe5c8660b, type: 3}
      propertyPath: m_LocalPosition.x
      value: -0.19100003
      objectReference: {fileID: 0}
    - target: {fileID: 394724766617268687, guid: 47632fe256e18984d9686cbfe5c8660b, type: 3}
      propertyPath: m_LocalPosition.y
      value: 0
      objectReference: {fileID: 0}
    - target: {fileID: 394724766617268687, guid: 47632fe256e18984d9686cbfe5c8660b, type: 3}
      propertyPath: m_LocalPosition.z
      value: 0
      objectReference: {fileID: 0}
    - target: {fileID: 394724766617268687, guid: 47632fe256e18984d9686cbfe5c8660b, type: 3}
      propertyPath: m_LocalRotation.w
      value: 1
      objectReference: {fileID: 0}
    - target: {fileID: 394724766617268687, guid: 47632fe256e18984d9686cbfe5c8660b, type: 3}
      propertyPath: m_LocalRotation.x
      value: -0
      objectReference: {fileID: 0}
    - target: {fileID: 394724766617268687, guid: 47632fe256e18984d9686cbfe5c8660b, type: 3}
      propertyPath: m_LocalRotation.y
      value: -0
      objectReference: {fileID: 0}
    - target: {fileID: 394724766617268687, guid: 47632fe256e18984d9686cbfe5c8660b, type: 3}
      propertyPath: m_LocalRotation.z
      value: -0
      objectReference: {fileID: 0}
    - target: {fileID: 394724766617268687, guid: 47632fe256e18984d9686cbfe5c8660b, type: 3}
      propertyPath: m_LocalEulerAnglesHint.x
      value: 0
      objectReference: {fileID: 0}
    - target: {fileID: 394724766617268687, guid: 47632fe256e18984d9686cbfe5c8660b, type: 3}
      propertyPath: m_LocalEulerAnglesHint.y
      value: 0
      objectReference: {fileID: 0}
    - target: {fileID: 394724766617268687, guid: 47632fe256e18984d9686cbfe5c8660b, type: 3}
      propertyPath: m_LocalEulerAnglesHint.z
      value: 90
      objectReference: {fileID: 0}
    - target: {fileID: 1543963550977261531, guid: 47632fe256e18984d9686cbfe5c8660b, type: 3}
      propertyPath: config.fireRate
      value: 0.2
      objectReference: {fileID: 0}
    - target: {fileID: 1543963550977261531, guid: 47632fe256e18984d9686cbfe5c8660b, type: 3}
      propertyPath: cannonChildArray.Array.size
      value: 0
      objectReference: {fileID: 0}
    - target: {fileID: 2164877785810685937, guid: 47632fe256e18984d9686cbfe5c8660b, type: 3}
      propertyPath: m_SortingLayer
      value: 1
      objectReference: {fileID: 0}
    - target: {fileID: 2164877785810685937, guid: 47632fe256e18984d9686cbfe5c8660b, type: 3}
      propertyPath: m_SortingOrder
      value: 1
      objectReference: {fileID: 0}
    - target: {fileID: 2164877785810685937, guid: 47632fe256e18984d9686cbfe5c8660b, type: 3}
      propertyPath: m_SortingLayerID
      value: -1052617433
      objectReference: {fileID: 0}
    - target: {fileID: 2582414433748254520, guid: 47632fe256e18984d9686cbfe5c8660b, type: 3}
      propertyPath: m_LocalPosition.x
      value: 0
      objectReference: {fileID: 0}
    - target: {fileID: 2582414433748254520, guid: 47632fe256e18984d9686cbfe5c8660b, type: 3}
      propertyPath: m_LocalPosition.y
      value: 0
      objectReference: {fileID: 0}
    - target: {fileID: 2727285640975555446, guid: 47632fe256e18984d9686cbfe5c8660b, type: 3}
      propertyPath: m_Name
      value: Cannon (1)
      objectReference: {fileID: 0}
    m_RemovedComponents: []
    m_RemovedGameObjects: []
    m_AddedGameObjects: []
    m_AddedComponents: []
  m_SourcePrefab: {fileID: 100100000, guid: 47632fe256e18984d9686cbfe5c8660b, type: 3}
--- !u!4 &7027967873982077297 stripped
Transform:
  m_CorrespondingSourceObject: {fileID: 394724766617268687, guid: 47632fe256e18984d9686cbfe5c8660b, type: 3}
  m_PrefabInstance: {fileID: 7273880328916854974}
  m_PrefabAsset: {fileID: 0}
--- !u!114 &8187334345852983141 stripped
MonoBehaviour:
  m_CorrespondingSourceObject: {fileID: 1543963550977261531, guid: 47632fe256e18984d9686cbfe5c8660b, type: 3}
  m_PrefabInstance: {fileID: 7273880328916854974}
  m_PrefabAsset: {fileID: 0}
  m_GameObject: {fileID: 0}
  m_Enabled: 1
  m_EditorHideFlags: 0
  m_Script: {fileID: 11500000, guid: b0d772cd94aebe048912b930b8dde1af, type: 3}
  m_Name: 
  m_EditorClassIdentifier: 
--- !u!1001 &7500574753005408614
PrefabInstance:
  m_ObjectHideFlags: 0
  serializedVersion: 2
  m_Modification:
    serializedVersion: 3
    m_TransformParent: {fileID: 4587932584572278938}
    m_Modifications:
    - target: {fileID: 394724766617268687, guid: 47632fe256e18984d9686cbfe5c8660b, type: 3}
      propertyPath: m_LocalPosition.x
      value: -0.071
      objectReference: {fileID: 0}
    - target: {fileID: 394724766617268687, guid: 47632fe256e18984d9686cbfe5c8660b, type: 3}
      propertyPath: m_LocalPosition.y
      value: -0.169
      objectReference: {fileID: 0}
    - target: {fileID: 394724766617268687, guid: 47632fe256e18984d9686cbfe5c8660b, type: 3}
      propertyPath: m_LocalPosition.z
      value: 0
      objectReference: {fileID: 0}
    - target: {fileID: 394724766617268687, guid: 47632fe256e18984d9686cbfe5c8660b, type: 3}
      propertyPath: m_LocalRotation.w
      value: 0.7071068
      objectReference: {fileID: 0}
    - target: {fileID: 394724766617268687, guid: 47632fe256e18984d9686cbfe5c8660b, type: 3}
      propertyPath: m_LocalRotation.x
      value: 0
      objectReference: {fileID: 0}
    - target: {fileID: 394724766617268687, guid: 47632fe256e18984d9686cbfe5c8660b, type: 3}
      propertyPath: m_LocalRotation.y
      value: 0
      objectReference: {fileID: 0}
    - target: {fileID: 394724766617268687, guid: 47632fe256e18984d9686cbfe5c8660b, type: 3}
      propertyPath: m_LocalRotation.z
      value: -0.7071068
      objectReference: {fileID: 0}
    - target: {fileID: 394724766617268687, guid: 47632fe256e18984d9686cbfe5c8660b, type: 3}
      propertyPath: m_LocalEulerAnglesHint.x
      value: 0
      objectReference: {fileID: 0}
    - target: {fileID: 394724766617268687, guid: 47632fe256e18984d9686cbfe5c8660b, type: 3}
      propertyPath: m_LocalEulerAnglesHint.y
      value: 0
      objectReference: {fileID: 0}
    - target: {fileID: 394724766617268687, guid: 47632fe256e18984d9686cbfe5c8660b, type: 3}
      propertyPath: m_LocalEulerAnglesHint.z
      value: -90
      objectReference: {fileID: 0}
    - target: {fileID: 1543963550977261531, guid: 47632fe256e18984d9686cbfe5c8660b, type: 3}
      propertyPath: config.fireRate
      value: 0.2
      objectReference: {fileID: 0}
    - target: {fileID: 1543963550977261531, guid: 47632fe256e18984d9686cbfe5c8660b, type: 3}
      propertyPath: cannonChildArray.Array.size
      value: 2
      objectReference: {fileID: 0}
    - target: {fileID: 1543963550977261531, guid: 47632fe256e18984d9686cbfe5c8660b, type: 3}
      propertyPath: cannonChildArray.Array.data[0]
      value: 
      objectReference: {fileID: 6179953701705460069}
    - target: {fileID: 1543963550977261531, guid: 47632fe256e18984d9686cbfe5c8660b, type: 3}
      propertyPath: cannonChildArray.Array.data[1]
      value: 
      objectReference: {fileID: 1244291539049557437}
    - target: {fileID: 2164877785810685937, guid: 47632fe256e18984d9686cbfe5c8660b, type: 3}
      propertyPath: m_SortingLayer
      value: 1
      objectReference: {fileID: 0}
    - target: {fileID: 2164877785810685937, guid: 47632fe256e18984d9686cbfe5c8660b, type: 3}
      propertyPath: m_SortingOrder
      value: 1
      objectReference: {fileID: 0}
    - target: {fileID: 2164877785810685937, guid: 47632fe256e18984d9686cbfe5c8660b, type: 3}
      propertyPath: m_SortingLayerID
      value: -1052617433
      objectReference: {fileID: 0}
    - target: {fileID: 2582414433748254520, guid: 47632fe256e18984d9686cbfe5c8660b, type: 3}
      propertyPath: m_LocalPosition.x
      value: 0
      objectReference: {fileID: 0}
    - target: {fileID: 2582414433748254520, guid: 47632fe256e18984d9686cbfe5c8660b, type: 3}
      propertyPath: m_LocalPosition.y
      value: 0
      objectReference: {fileID: 0}
    - target: {fileID: 2727285640975555446, guid: 47632fe256e18984d9686cbfe5c8660b, type: 3}
      propertyPath: m_Name
      value: Cannon (2)
      objectReference: {fileID: 0}
    m_RemovedComponents: []
    m_RemovedGameObjects: []
    m_AddedGameObjects:
    - targetCorrespondingSourceObject: {fileID: 394724766617268687, guid: 47632fe256e18984d9686cbfe5c8660b, type: 3}
      insertIndex: -1
      addedObject: {fileID: 5031789174569609073}
    - targetCorrespondingSourceObject: {fileID: 394724766617268687, guid: 47632fe256e18984d9686cbfe5c8660b, type: 3}
      insertIndex: -1
      addedObject: {fileID: 95567565579985833}
    m_AddedComponents: []
  m_SourcePrefab: {fileID: 100100000, guid: 47632fe256e18984d9686cbfe5c8660b, type: 3}
--- !u!4 &7885025502583578793 stripped
Transform:
  m_CorrespondingSourceObject: {fileID: 394724766617268687, guid: 47632fe256e18984d9686cbfe5c8660b, type: 3}
  m_PrefabInstance: {fileID: 7500574753005408614}
  m_PrefabAsset: {fileID: 0}
--- !u!114 &9041581347843403453 stripped
MonoBehaviour:
  m_CorrespondingSourceObject: {fileID: 1543963550977261531, guid: 47632fe256e18984d9686cbfe5c8660b, type: 3}
  m_PrefabInstance: {fileID: 7500574753005408614}
  m_PrefabAsset: {fileID: 0}
  m_GameObject: {fileID: 0}
  m_Enabled: 1
  m_EditorHideFlags: 0
  m_Script: {fileID: 11500000, guid: b0d772cd94aebe048912b930b8dde1af, type: 3}
  m_Name: 
  m_EditorClassIdentifier: 
